<record><leader>00000cas a22000007a 4500</leader><controlfield tag="001">35626890</controlfield><controlfield tag="008">960924d190219uunyudr ne      0    0yid d</controlfield><datafield ind1=" " ind2=" " tag="010"><subfield code="a">sn 96064337 </subfield></datafield><datafield ind1=" " ind2=" " tag="040"><subfield code="a">CNK</subfield><subfield code="b">eng</subfield><subfield code="c">CNK</subfield><subfield code="d">OCLCQ</subfield><subfield code="d">OCLCF</subfield><subfield code="d">OCLCO</subfield><subfield code="d">OCLCQ</subfield><subfield code="d">Y5J</subfield></datafield><datafield ind1=" " ind2=" " tag="066"><subfield code="c">(2</subfield></datafield><datafield ind1="1" ind2=" " tag="029"><subfield code="a">AU@</subfield><subfield code="b">000012845132</subfield></datafield><datafield ind1="0" ind2=" " tag="041"><subfield code="a">yid</subfield><subfield code="a">eng</subfield></datafield><datafield ind1=" " ind2=" " tag="042"><subfield code="a">msc</subfield></datafield><datafield ind1=" " ind2=" " tag="043"><subfield code="a">n-us-ny</subfield></datafield><datafield ind1=" " ind2="4" tag="060"><subfield code="a">015006924 a</subfield></datafield><datafield ind1="0" ind2=" " tag="130"><subfield code="a">Idishe v&#803;elt&#803; (New York, N.Y. : 1902)</subfield></datafield><datafield ind1="1" ind2="3" tag="245"><subfield code="6">880-01</subfield><subfield code="a">Di Idishe v&#803;elt&#803;.</subfield></datafield><datafield ind1="3" ind2="1" tag="246"><subfield code="a">Jewish world</subfield></datafield><datafield ind1=" " ind2=" " tag="260"><subfield code="a">New York :</subfield><subfield code="b">Lebanon Print. and Pub. Co.,</subfield><subfield code="c">1902-</subfield></datafield><datafield ind1=" " ind2=" " tag="300"><subfield code="a">volumes :</subfield><subfield code="b">illustrations</subfield></datafield><datafield ind1=" " ind2=" " tag="310"><subfield code="a">Daily (except Sat.)</subfield></datafield><datafield ind1=" " ind2=" " tag="336"><subfield code="a">text</subfield><subfield code="b">txt</subfield><subfield code="2">rdacontent</subfield></datafield><datafield ind1=" " ind2=" " tag="337"><subfield code="a">unmediated</subfield><subfield code="b">n</subfield><subfield code="2">rdamedia</subfield></datafield><datafield ind1=" " ind2=" " tag="338"><subfield code="a">volume</subfield><subfield code="b">nc</subfield><subfield code="2">rdacarrier</subfield></datafield><datafield ind1="0" ind2=" " tag="362"><subfield code="a">Vol. 1, no. 1 (June 27, 1902)-</subfield></datafield><datafield ind1=" " ind2=" " tag="546"><subfield code="a">In Yiddish, with some English.</subfield></datafield><datafield ind1=" " ind2="0" tag="650"><subfield code="a">Jewish newspapers</subfield><subfield code="z">New York (State)</subfield><subfield code="z">New York.</subfield></datafield><datafield ind1=" " ind2="7" tag="650"><subfield code="a">Jewish newspapers.</subfield><subfield code="2">fast</subfield><subfield code="0">(OCoLC)fst00982872</subfield></datafield><datafield ind1=" " ind2="7" tag="651"><subfield code="a">New York (State)</subfield><subfield code="z">New York.</subfield><subfield code="2">fast</subfield><subfield code="0">(OCoLC)fst01204333</subfield></datafield><datafield ind1=" " ind2=" " tag="752"><subfield code="a">United States</subfield><subfield code="b">New York</subfield><subfield code="c">New York</subfield><subfield code="d">New York.</subfield></datafield><datafield ind1="1" ind2="3" tag="880"><subfield code="6">245-01</subfield><subfield code="a">&#1491;&#1497;&#1488; &#1488;&#1497;&#1491;&#1497;&#1513;&#1506; &#1520;&#1506;&#1500;&#1496;.</subfield></datafield></record>